@article{alvarez-sánchez_2013, title={A Quarter-Car Suspension System: Car Body Mass Estimator and Sliding Mode Control}, volume={7}, DOI={10.1016/j.protcy.2013.04.026}, journal={Procedia Technology}, author={Alvarez-Sánchez, Ervin}, year={2013}, month={Apr}, pages={208–214}}
@article{omar_el-kassaby_abdelghaffar_2017, title={A universal suspension test rig for electrohydraulic active and passive automotive suspension system}, volume={56}, DOI={10.1016/j.aej.2017.01.024}, number={4}, journal={Alexandria Engineering Journal}, author={Omar, Mahmoud and El-Kassaby, M.m. and Abdelghaffar, Walid}, year={2017}, pages={359–370}}