@book{ulaby_fung_moore_1986, place={Norwood, Ma.}, title={Microwave remote sensing: active and passive}, publisher={Artech House Inc.}, author={Ulaby, Fawwaz T. and Fung, Adrian K. and Moore, Richard K.}, year={1986}}
@article{chaparro_piles_vall-llossera_2016, title={Remotely Sensed Soil Moisture as a Key Variable in Wildfires Prevention Services}, DOI={10.1016/b978-0-12-803388-3.00013-9}, journal={Satellite Soil Moisture Retrieval}, author={Chaparro, D. and Piles, M. and Vall-Llossera, M.}, year={2016}, pages={249–269}}
@article{krueger_ochsner_quiring_engle_carlson_twidwell_fuhlendorf_2017, title={Measured Soil Moisture is a Better Predictor of Large Growing-Season Wildfires than the Keetch–Byram Drought Index}, volume={81}, DOI={10.2136/sssaj2017.01.0003}, number={3}, journal={Soil Science Society of America Journal}, author={Krueger, Erik S. and Ochsner, Tyson E. and Quiring, Steven M. and Engle, David M. and Carlson, J.d. and Twidwell, Dirac and Fuhlendorf, Samuel D.}, year={2017}, pages={490}}
@article{Science1999,
author = {Science, Space and Junrong, Zhang},
file = {:C$\backslash$:/Users/JakeBooth/Documents/Radiometer/Radiometer Literature/TwoNewTypesOfMicrowaveRadiometer.pdf:pdf},
keywords = {computer gain compensative microwave,i,i n t r,microwave radiometer,o d u c,radiometer,real-time calibrated microwave radiometer,t i o n},
number = {3},
pages = {1--7},
title = {{T W O N E W T Y P E S OF M I C R O W A V E R A D I O M E T E R : A COMPUTER GAIN COMPENSATIVE DESIGN AND A REAL-TIME CALIBRATED DESIGN}},
volume = {16},
year = {1999}
}
@article{West,
author = {West, Hill Drive-campus},
file = {:C$\backslash$:/Users/JakeBooth/Documents/Radiometer/Radiometer Literature/total{\_}power{\_}radiometer{\_}design.pdf:pdf},
title = {{( A i}}
}
@article{Spencer1987,
author = {Spencer, Roy W},
file = {:C$\backslash$:/Users/JakeBooth/Documents/Radiometer/Radiometer Literature/THE ROLE OF PASSIVE MICROWAVE RADIOMETERS IN CLIMATE MONITORING.pdf:pdf},
pages = {2--4},
title = {{No Title}},
year = {1987}
}
@article{Kloosterman2017,
author = {Kloosterman, Jenna L and Brown, Shannon and Koch, Timothy and Vo, Nho and Nicaise, Fabien and Schlecht, Erich and Bloom, Matthew and Tripp, K Scott and Kangaslahti, Pekka and Ramos, Isaac and Statham, Shannon and Skalare, Anders and Cofield, Richard},
file = {:C$\backslash$:/Users/JakeBooth/Documents/Radiometer/Radiometer Literature/The Advanced Microwave Radiometer.pdf:pdf},
title = {{The Advanced Microwave Radiometer – Climate Quality ( AMR-C ) Instrument for Sentinel-6}},
year = {2017}
}
@article{Wigneron2010,
author = {Wigneron, Jean-pierre and Ieee, Senior Member and Delwart, Steven and Font, Jordi and Reul, Nicolas and Boutin, Jacqueline and Gruhier, Claire and Juglea, Silvia Enache and Drinkwater, Mark R and Ieee, Member and Mecklenburg, Susanne and Hahne, Achim and Martı, Manuel},
file = {:C$\backslash$:/Users/JakeBooth/Documents/Radiometer/Radiometer Literature/SMOSMission.pdf:pdf},
keywords = {interferometry,l-band,salinity,sea surface salinity,smos,soil moisture,soil moisture and ocean,sss,vegetation water content},
number = {5},
title = {{The SMOS Mission : New Tool for Monitoring Key Elements of the Global Water Cycle}},
volume = {98},
year = {2010}
}
@article{Schmugge1994,
author = {Schmugge, T and Jackson, T J},
file = {:C$\backslash$:/Users/JakeBooth/Documents/Radiometer/Radiometer Literature/Schmugge-Jackson1994{\_}Article{\_}MappingSurfaceSoilMoistureWith.pdf:pdf},
pages = {213--223},
title = {{Mapping Surface Soil Moisture with Microwave Radiometers}},
volume = {223},
year = {1994}
}
@article{Burrage2002,
author = {Burrage, Derek M and Goodberlet, Mark A and Road, Sunderland and Ma, Amherst and Heron, Malcolm L},
file = {:C$\backslash$:/Users/JakeBooth/Documents/Radiometer/Radiometer Literature/RadiometerSimulink.pdf:pdf},
keywords = {matlab,microwave radiometer,sea surface salinity,simulation,simulink},
number = {1},
pages = {36--55},
title = {{Radiometer Designs Using SIMULINK}},
volume = {78},
year = {2002}
}
@article{Racette2005,
author = {Racette, Paul and Lang, Roger H},
doi = {10.1029/2004RS003132},
file = {:C$\backslash$:/Users/JakeBooth/Documents/Radiometer/Radiometer Literature/RadiometerDesignAnalysis.pdf:pdf},
keywords = {http://dx.doi.org/10.1029/2004RS003132, doi:10.1029/2004RS003132, microwave radiometer calibration, radiometer design, measurement uncertainty analysis, least squares regression},
pages = {1--22},
title = {{Radiometer design analysis based upon measurement uncertainty}},
volume = {40},
year = {2005}
}
@article{Pan2001,
author = {Pan, Zaitao and Arritt, Raymond W and Gutowski, William J and Takle, Eugene S},
file = {:C$\backslash$:/Users/JakeBooth/Documents/Radiometer/Radiometer Literature/Pan{\_}et{\_}al-2001-Geophysical{\_}Research{\_}Letters.pdf:pdf},
keywords = {http://dx.doi.org/10.1029/2000GL012172, doi:10.1029/2000GL012172},
number = {15},
pages = {2947--2950},
title = {{Soil moisture in a regional climate model: Simulation and projection}},
volume = {28},
year = {2001}
}
@article{Kerr2001,
author = {Kerr, Yann H and Waldteufel, Philippe and Wigneron, Jean-pierre and Martinuzzi, Jean-michel and Font, Jordi and Berger, Michael},
file = {:C$\backslash$:/Users/JakeBooth/Documents/Radiometer/Radiometer Literature/moisture{\_}analysis.pdf:pdf},
number = {8},
pages = {1729--1735},
title = {{Soil Moisture Retrieval from Space : The Soil Moisture and Ocean Salinity ( SMOS ) Mission}},
volume = {39},
year = {2001}
}
@article{,
file = {:C$\backslash$:/Users/JakeBooth/Documents/Radiometer/Radiometer Literature/MicrowaveRadiometersFunctionsDesignConceptsCharacteristics.pdf:pdf},
title = {{Microwave radiometers: functions, design concepts, characteristics}}
}
@article{Friesen2008,
author = {Friesen, N C Van De Giesen {\AE} J},
doi = {10.1007/s10712-008-9044-0},
file = {:C$\backslash$:/Users/JakeBooth/Documents/Radiometer/Radiometer Literature/Jeu2008{\_}Article{\_}GlobalSoilMoisturePatternsObse.pdf:pdf},
pages = {399--420},
title = {{Global Soil Moisture Patterns Observed by Space Borne Microwave Radiometers and Scatterometers}},
year = {2008}
}
@article{Hewison2003,
author = {Hewison, Tim and Gaffard, Catherine},
file = {:C$\backslash$:/Users/JakeBooth/Documents/Radiometer/Radiometer Literature/hewison{\_}ukmo03.pdf:pdf},
number = {July},
pages = {1--43},
title = {{Radiometrics MP3000 Microwave Radiometer Performance Assessment}},
volume = {44},
year = {2003}
}
@article{Hanington,
author = {Hanington, Richard F},
file = {:C$\backslash$:/Users/JakeBooth/Documents/Radiometer/Radiometer Literature/DESIGN AND DEVELOPMENT OF A MICROWAVE RADIOMETER.pdf:pdf},
pages = {5--7},
title = {{DESIGN AND DEVELOPMENT OF A MICROWAVE RADIOMETER}}
}
@article{Description2000,
author = {Description, Sensor},
file = {:C$\backslash$:/Users/JakeBooth/Documents/Radiometer/Radiometer Literature/cband.pdf:pdf},
isbn = {3012861750},
pages = {1060--1062},
title = {{A Preview of AMSR: Airborne C-band Microwave Radiometer (ACMR) Obseirvations from SG:P99}},
year = {2000}
}
@article{Access,
author = {Access, Open},
file = {:C$\backslash$:/Users/JakeBooth/Documents/Radiometer/Radiometer Literature/9549.pdf:pdf},
title = {{We are IntechOpen , the world ' s leading publisher of Open Access books Built by scientists , for scientists TOP 1 {\%}}}
}
@article{Scarito2011,
author = {Scarito, Michael P},
file = {:C$\backslash$:/Users/JakeBooth/Documents/Radiometer/Radiometer Literature/757151648-MIT.pdf:pdf},
title = {{Design and Development of an Airborne Microwave Radiometer for Atmospheric Sensing}},
year = {2011}
}
@article{Calla2008,
author = {Calla, O P N and Bohra, Dinesh and Vyas, Rajesh and Purohit, Dhawani Shankar and Loomba, Abhishek and Kumar, Naveen},
file = {:C$\backslash$:/Users/JakeBooth/Documents/Radiometer/Radiometer Literature/04763147.pdf:pdf},
isbn = {9781424426904},
pages = {621--624},
title = {{Measurement of Soil Moisture Using Microwave Radiometer}},
year = {2008}
}
@article{Chikando2006,
author = {Chikando, Eric and Piepmeier, Jeffrey R and Levine, Elissa and White, Carl},
file = {:C$\backslash$:/Users/JakeBooth/Documents/Radiometer/Radiometer Literature/01677062.pdf:pdf},
isbn = {0780394186},
title = {{Handheld L-Band Microwave Radiometer}},
year = {2006}
}
@article{Wan,
author = {Wan, Eric A and Merwe, Rudolph Van Der and Rd, N W Walker},
file = {:C$\backslash$:/Users/JakeBooth/Documents/Radiometer/ADS Literature/unscented.pdf:pdf},
title = {{The Unscented Kalman Filter for Nonlinear Estimation}}
}
@article{Terejanu,
author = {Terejanu, Gabriel A},
file = {:C$\backslash$:/Users/JakeBooth/Documents/Radiometer/ADS Literature/tutorialUKF-2.pdf:pdf},
number = {1},
pages = {1--6},
title = {{Unscented Kalman Filter Tutorial}}
}
@article{,
file = {:C$\backslash$:/Users/JakeBooth/Documents/Radiometer/ADS Literature/Sorenson - 2004 - Least-squares estimation from Gauss to Kalman.pdf:pdf},
number = {July 1970},
pages = {63--68},
title = {{No Title}},
volume = {7},
year = {2004}
}
@article{Filtering2001,
author = {Filtering, Kalman},
file = {:C$\backslash$:/Users/JakeBooth/Documents/Radiometer/ADS Literature/Simon - 2001 - Kalman Filtering.pdf:pdf},
number = {June},
title = {{Kalman Filtering}},
year = {2001}
}
@article{Estimation2017,
author = {Estimation, Real-time Attitude and Algorithm, Geometrically-intuitive Correction},
doi = {10.3390/s17092146},
file = {:C$\backslash$:/Users/JakeBooth/Documents/Radiometer/ADS Literature/sensors-17-02146-v2.pdf:pdf},
keywords = {ahrs,attitude estimation,correction,kalman filter,magnetic distortion,tgic,two-step geometrically intuitive},
title = {{A New Quaternion-Based Kalman Filter for}},
year = {2017}
}
@article{Sarkka2009,
author = {S{\"{a}}rkk{\"{a}}, Simo},
file = {:C$\backslash$:/Users/JakeBooth/Documents/Radiometer/ADS Literature/Sa╠{\^{e}}rkka╠{\^{e}} - 2009 - Lecture 2 From Linear Regression to Kalman Filter and Beyond.pdf:pdf},
title = {{Lecture 2 : From Linear Regression to Kalman Filter and Beyond Non-Linear Models}},
year = {2009}
}
@article{Vujicic2016,
author = {Vujicic, Dejan and Pavlovic, Rade and Belgrade, Astronomical Observatory and Jagodic, Dijana},
file = {:C$\backslash$:/Users/JakeBooth/Documents/Radiometer/ADS Literature/s20{\_}p230.pdf:pdf},
keywords = {accelerometer,attitude determination,dcm algorithm,euler angles,gps,gyroscope,inertial measurement unit,magnetometer,nine degrees of freedom,sensor},
number = {November},
title = {{AN ATTITUDE DETERMINATION SYSTEM BASED ON INERTIAL AN ATTITUDE DETERMINATION SYSTEM BASED ON INERTIAL}},
year = {2016}
}
@article{,
file = {:C$\backslash$:/Users/JakeBooth/Documents/Radiometer/ADS Literature/MIT - Unknown - Wiener and Kalman Filters.pdf:pdf},
title = {8 3 6.},
year = {1949}
}
@article{Kleeman,
author = {Kleeman, Lindsay},
file = {:C$\backslash$:/Users/JakeBooth/Documents/Radiometer/ADS Literature/Kleeman - 1996 - Understanding and applying Kalman filtering.pdf:pdf},
title = {{Understanding and Applying Kalman Filtering}}
}
@article{Rhudy2017,
author = {Rhudy, Matthew B and Salguero, Roger A and Holappa, Keaton},
doi = {10.5121/ijcses.2017.8101},
file = {:C$\backslash$:/Users/JakeBooth/Documents/Radiometer/ADS Literature/KF{\_}tutorial{\_}undergraduate.pdf:pdf},
number = {1},
pages = {1--18},
title = {{A K ALMAN F ILTERING T UTORIAL FOR}},
volume = {8},
year = {2017}
}
@article{Faragher2012,
author = {Faragher, Ramsey},
file = {:C$\backslash$:/Users/JakeBooth/Documents/Radiometer/ADS Literature/Kalman{\_}filter{\_}basics{\_}06279585.pdf:pdf},
number = {September},
pages = {128--132},
title = {{Understanding the Basis of the Kalman Filter Via a Simple and Intuitive Derivation IMPORTANT AND COMMON DATA FUSION ALGORITHMS}},
year = {2012}
}
@article{Fusion,
author = {Fusion, Sensor},
file = {:C$\backslash$:/Users/JakeBooth/Documents/Radiometer/ADS Literature/IFAC Professional Briefv2.pdf:pdf},
number = {2000},
title = {{IFAC Professional Brief}}
}
@article{Chow,
author = {Chow, J C K},
file = {:C$\backslash$:/Users/JakeBooth/Documents/Radiometer/ADS Literature/1802.04388.pdf:pdf},
keywords = {accelerometer,gyroscope,imu,least squares adjustment,magnetometer,multi-sensor fusion,self-calibration},
title = {{STATISTICAL SENSOR FUSION OF A 9-DOF MEMS IMU FOR INDOOR NAVIGATION}}
}
